@misc{LRI,
  title = {Laboratoire de recherche en informatique},
  howpublished = {\url{www.lri.fr}}
}

@misc{science4all,
  title = {Science4All},
  howpublished = {\url{www.youtube.com/playlist?list=PLtzmb84AoqRTl0m1b82gVLcGU38miqdrC}}
}

@misc{i3espectrum,
  title = {Spectrum ieee},
  howpublished = {\url{spectrum.ieee.org/tech-talk/computing/software/biggest-neural-network-ever-pushes-ai-deep-learning}}
}
